<?xml version="1.0" encoding="UTF-8"?>
<record>
  <leader>01200nam a2200313 c 4500</leader>
  <controlfield tag="003">DE-605</controlfield>
  <controlfield tag="005">20250718142441.0</controlfield>
  <controlfield tag="007">tu</controlfield>
  <controlfield tag="008">981212|1895    gw            ||| | ger c</controlfield>
  <controlfield tag="001">990002059210206441</controlfield>
  <datafield tag="016" ind1="7" ind2=" ">
    <subfield code="a">1069963979</subfield>
    <subfield code="2">OCoLC</subfield>
  </datafield>
  <datafield tag="035" ind1=" " ind2=" ">
    <subfield code="a">(DE-605)HT000235082</subfield>
  </datafield>
  <datafield tag="040" ind1=" " ind2=" ">
    <subfield code="a">HBZ/Off</subfield>
    <subfield code="b">ger</subfield>
    <subfield code="d">DE-708</subfield>
    <subfield code="e">rda</subfield>
  </datafield>
  <datafield tag="041" ind1=" " ind2=" ">
    <subfield code="a">ger</subfield>
  </datafield>
  <datafield tag="044" ind1=" " ind2=" ">
    <subfield code="c">XA-DXDE</subfield>
  </datafield>
  <datafield tag="100" ind1="1" ind2=" ">
    <subfield code="a">Lange, Karl</subfield>
    <subfield code="d">1849-</subfield>
    <subfield code="0">(DE-588)138711771</subfield>
    <subfield code="4">aut</subfield>
    <subfield code="0">https://d-nb.info/gnd/138711771</subfield>
    <subfield code="0">http://viaf.org/viaf/90971721</subfield>
    <subfield code="B">GND-138711771</subfield>
  </datafield>
  <datafield tag="245" ind1="1" ind2="0">
    <subfield code="a">Über Apperzeption</subfield>
    <subfield code="b">eine psychologisch-pädagogische Monographie</subfield>
    <subfield code="c">von Karl Lange</subfield>
  </datafield>
  <datafield tag="250" ind1=" " ind2=" ">
    <subfield code="a">5., verbesserte Auflage</subfield>
  </datafield>
  <datafield tag="264" ind1=" " ind2="1">
    <subfield code="a">Leipzig</subfield>
    <subfield code="b">R.Voigtländer's Verlag</subfield>
    <subfield code="c">1895</subfield>
  </datafield>
  <datafield tag="300" ind1=" " ind2=" ">
    <subfield code="a">243 Seiten</subfield>
  </datafield>
  <datafield tag="336" ind1=" " ind2=" ">
    <subfield code="b">txt</subfield>
  </datafield>
  <datafield tag="337" ind1=" " ind2=" ">
    <subfield code="b">n</subfield>
  </datafield>
  <datafield tag="338" ind1=" " ind2=" ">
    <subfield code="b">nc</subfield>
  </datafield>
  <datafield tag="361" ind1="1" ind2=" ">
    <subfield code="5">DE-708</subfield>
    <subfield code="s">HVV/LAN</subfield>
    <subfield code="y">811775201</subfield>
    <subfield code="o">Vorbesitz</subfield>
    <subfield code="a">Stadtbibliothek zu Dresden</subfield>
    <subfield code="0">(DE-588)511254-0</subfield>
    <subfield code="0">https://d-nb.info/gnd/511254-0</subfield>
    <subfield code="f">Bibliotheksexemplar</subfield>
    <subfield code="f">Stempel</subfield>
    <subfield code="0">(DE-588)1111525005</subfield>
    <subfield code="0">https://d-nb.info/gnd/1111525005</subfield>
    <subfield code="u">https://provenienz.gbv.de/Datei:Stadtbibliothek_Dresden_Stempel_DE-1_Fd3546_2a.jpg</subfield>
    <subfield code="f">Signatur</subfield>
    <subfield code="l">1945/1946</subfield>
    <subfield code="z">Paed. Bc. 1946.1125b (1945.13228)</subfield>
  </datafield>
  <datafield tag="035" ind1=" " ind2=" ">
    <subfield code="a">(OCoLC)1069963979</subfield>
  </datafield>
  <datafield tag="964" ind1="0" ind2="s">
    <subfield code="F">030</subfield>
    <subfield code="A">a|1uc||||||15</subfield>
  </datafield>
  <datafield tag="964" ind1="0" ind2="s">
    <subfield code="F">050</subfield>
    <subfield code="A">a|||||||||||||</subfield>
  </datafield>
  <datafield tag="964" ind1="0" ind2="s">
    <subfield code="F">051</subfield>
    <subfield code="A">m|||||||</subfield>
  </datafield>
  <datafield tag="035" ind1=" " ind2=" ">
    <subfield code="a">(DE-599)HBZHT000235082</subfield>
  </datafield>
  <datafield tag="MBD" ind1=" " ind2=" ">
    <subfield code="M">49HBZ_NETWORK</subfield>
    <subfield code="i">990002059210206441</subfield>
    <subfield code="n">HBZ Network</subfield>
  </datafield>
  <datafield tag="MBD" ind1=" " ind2=" ">
    <subfield code="M">49HBZ_BRIDGE_FIZ</subfield>
    <subfield code="i">999484707816</subfield>
    <subfield code="n">Bibliotheken ohne zentrale Katalogisierung</subfield>
  </datafield>
  <datafield tag="MBD" ind1=" " ind2=" ">
    <subfield code="M">49HBZ_FUH</subfield>
    <subfield code="i">990000239610106464</subfield>
    <subfield code="n">Fernuniversität Hagen</subfield>
  </datafield>
  <datafield tag="MNG" ind1=" " ind2=" ">
    <subfield code="c">System</subfield>
    <subfield code="f">ILS</subfield>
    <subfield code="i">marc21</subfield>
    <subfield code="l">62</subfield>
    <subfield code="k">01</subfield>
    <subfield code="e">false</subfield>
    <subfield code="d">2025-07-30 04:07:52 Europe/Berlin</subfield>
    <subfield code="g">000205921-HBZ01</subfield>
    <subfield code="j">60</subfield>
    <subfield code="a">import</subfield>
    <subfield code="b">2021-04-05 07:40:53 Europe/Berlin</subfield>
  </datafield>
  <datafield tag="H52" ind1="0" ind2=" ">
    <subfield code="b">Z9007</subfield>
    <subfield code="c">UNASSIGNED</subfield>
    <subfield code="8">2261830680007816</subfield>
  </datafield>
  <datafield tag="HOL" ind1=" " ind2=" ">
    <subfield code="d">2023-05-31 10:17:29</subfield>
    <subfield code="8">2261830680007816</subfield>
    <subfield code="b">2023-05-31 10:17:29</subfield>
    <subfield code="M">49HBZ_BRIDGE_FIZ</subfield>
    <subfield code="g">false</subfield>
    <subfield code="a">System</subfield>
    <subfield code="c">System</subfield>
  </datafield>
  <datafield tag="H52" ind1="8" ind2=" ">
    <subfield code="b">F0001</subfield>
    <subfield code="c">06</subfield>
    <subfield code="h">HVV/LAN</subfield>
    <subfield code="8">2297724050006464</subfield>
  </datafield>
  <datafield tag="HOL" ind1=" " ind2=" ">
    <subfield code="d">2025-03-04 11:34:03</subfield>
    <subfield code="8">2297724050006464</subfield>
    <subfield code="b">2022-07-04 11:06:09</subfield>
    <subfield code="M">49HBZ_FUH</subfield>
    <subfield code="g">false</subfield>
    <subfield code="a">import</subfield>
    <subfield code="c">System</subfield>
  </datafield>
  <datafield tag="ITM" ind1=" " ind2=" ">
    <subfield code="H">2297724050006464</subfield>
    <subfield code="x">06</subfield>
    <subfield code="f">BOOK</subfield>
    <subfield code="v">06</subfield>
    <subfield code="p">32</subfield>
    <subfield code="X">USP000090681</subfield>
    <subfield code="U">1984-08-31 13:15:55 Europe/Berlin</subfield>
    <subfield code="Y">2025-07-18 13:15:55 Europe/Berlin</subfield>
    <subfield code="h">false</subfield>
    <subfield code="J">Möglw. arsenbelastet! Sprechen Sie die UB an.</subfield>
    <subfield code="n">HVV/LAN</subfield>
    <subfield code="M">49HBZ_FUH</subfield>
    <subfield code="s">1</subfield>
    <subfield code="d">8</subfield>
    <subfield code="V">import</subfield>
    <subfield code="b">811775201</subfield>
    <subfield code="a">2397724040006464</subfield>
    <subfield code="c">HVV/LAN</subfield>
    <subfield code="B">81/17752</subfield>
    <subfield code="D">1984-08-31 11:15:55</subfield>
    <subfield code="W">1984-08-31 02:00:00 Europe/Berlin</subfield>
    <subfield code="u">F0001</subfield>
    <subfield code="w">F0001</subfield>
  </datafield>
  <datafield tag="GSI" ind1="7" ind2=" ">
    <subfield code="a">138711771</subfield>
    <subfield code="0">http://d-nb.info/gnd/138711771</subfield>
    <subfield code="2">gnd</subfield>
    <subfield code="A">GND</subfield>
    <subfield code="B">GND-138711771</subfield>
    <subfield code="C">024</subfield>
  </datafield>
</record>
